@online{wiki:it,
	title 		=	{Wikipedia (it)},
	year		=	{2011},
	url 		=	{http://it.wikipedia.org/wiki/Pagina_principale}
}

@online{wiki:zaino,
	title 		=	{Il problema dello zaino su Wikipedia (it)},
	year		=	{2011},
	url 		=	{http://it.wikipedia.org/wiki/Problema_dello_zaino}
}


@online{wiki:en,
	title 		=	{Wikipedia (en)},
	year		=	{2011},
	url 		=	{http://en.wikipedia.org/wiki/Main_Page}
}

@online{unimib:mc3,
	title		=	{Sito del prof. Luca Bernardinello},
	year		=	{2011},
	url 		=	{http://www.mc3.disco.unimib.it/lif/}
}

@online{gia:inf,
	author	=	{Giacomini, Daniele},
	title		=	{Appunti d'informatica libera},
	year		=	{2011},
	url 		=	{http://a2.pluto.it/a2.htm}
}

@book{ricc:psi,
	author	=	{Barone, L.M. and Marinari, E. and Organtini, G. and Ricci-Tersenghi, F.},
	title		=	{Programmazione scientifica},
	publisher	=	{Pearson Education},
	year		=	{2006}
}

@book{bro:inf,
	author	=	{Brookshear, J.G.},
	title		=	{Informatica - Una panoramica generale},
	publisher	=	{Pearson-Addison Wesley},
	year		=	{2004}
}

@book{sch:inf,
	author	=	{Schneider, G.M. and Gersting, J.L.},
	title		=	{Informatica},
	publisher	=	{Apogeo},
	year		=	{2007}
}

@book{ker:c,
	author	=	{Kernighan, B.W. and Ritchie, D.M.},
	title		=	{Il linguaggio C},
	note		= 	{Seconda edizione},
	publisher	=	{Pearson-Prentice Hall},
	year		=	{2004}
}

@book{qua:cal,
	author	=	{Quarteroni, Alfio and Saleri, Fausto},
	title		=	{Calcolo Scientifico},
	note		=	{Quarta edizione},
	publisher	=	{Springer},
	year		=	{2008}
}

@book{ker:pra,
	author	=	{Kernighan, B.W. and Pike, R.},
	title		=	{The Practice of Programming},
	publisher	=	{Addison-Wesley},
	year		=	{1999},
	hyphenation	=	{english}
}

@report{gio:note,
	author	=	{Giorgilli, Antonio},
	title		=	{Note su linguaggio C e dintorni},
	type		=	{relazione},
	institution	=	{Università degli Studi Milano-Bicocca; Dipartimento di Matematica e Applicazioni},
	label		=	{gio}
}

@book{fp:comp,
	author	=	{Frixione, Marcello and Palladino, Dario},
	title		=	{La computabilità: algoritmi, logica, calcolatori},
	publisher	=	{Carocci},
	year		=	{2011},
	series		= 	{Le Bussole}
}